@article{heiberger2014design,
  title={Design of diverging stacked bar charts for Likert scales and other applications},
  author={Heiberger, Richard and Robbins, Naomi},
  journal={Journal of Statistical Software},
  volume={57},
  pages={1--32},
  year={2014}
}

 @MISC{Ram_wespalette,
   title       = "wesanderson: A Wes Anderson color palette for {R}",
   author      = "Ram, Karthik",
   institution = "Github",
   note         = "https://github.com/karthik/wesanderson",
   year    = "2022"
 }

@Manual{bryer-likert,
  title = {likert: Analysis and Visualization Likert Items},
  author = {Jason Bryer},
  year = {2022},
  note = {http://jason.bryer.org/likert, http://github.com/jbryer/likert},
}

@article{coulangeon2013changing,
  title={Changing policies, challenging theories and persisting inequalities: Social disparities in cultural participation in France from 1981 to 2008},
  author={Coulangeon, Philippe},
  journal={Poetics},
  volume={41},
  number={2},
  pages={177--209},
  year={2013},
  publisher={Elsevier}
}

@article{lopez2005exclusive,
  title={From exclusive to inclusive elitists and further: Twenty years of omnivorousness and cultural diversity in arts participation in the USA},
  author={L{\'o}pez-Sintas, Jordi and Katz-Gerro, Tally},
  journal={Poetics},
  volume={33},
  number={5-6},
  pages={299--319},
  year={2005},
  publisher={Elsevier}
}

@article{dimaggio2004arts,
  title={Arts participation as cultural capital in the United States, 1982--2002: Signs of decline?},
  author={DiMaggio, Paul and Mukhtar, Toqir},
  journal={Poetics},
  volume={32},
  number={2},
  pages={169--194},
  year={2004},
  publisher={Elsevier}
}